%YAML 1.1
%TAG !u! tag:unity3d.com,2011:
--- !u!1 &100000
GameObject:
  m_ObjectHideFlags: 1
  m_PrefabParentObject: {fileID: 0}
  m_PrefabInternal: {fileID: 100100000}
  serializedVersion: 4
  m_Component:
  - 4: {fileID: 400294}
  - 114: {fileID: 11400008}
  - 114: {fileID: 11400006}
  m_Layer: 0
  m_Name: Crosshair
  m_TagString: Untagged
  m_Icon: {fileID: 0}
  m_NavMeshLayer: 0
  m_StaticEditorFlags: 0
  m_IsActive: 1
--- !u!1 &100002
GameObject:
  m_ObjectHideFlags: 1
  m_PrefabParentObject: {fileID: 0}
  m_PrefabInternal: {fileID: 100100000}
  serializedVersion: 4
  m_Component:
  - 4: {fileID: 400000}
  m_Layer: 0
  m_Name: UpperCinematicBorder
  m_TagString: Untagged
  m_Icon: {fileID: 0}
  m_NavMeshLayer: 0
  m_StaticEditorFlags: 0
  m_IsActive: 1
--- !u!1 &100004
GameObject:
  m_ObjectHideFlags: 1
  m_PrefabParentObject: {fileID: 0}
  m_PrefabInternal: {fileID: 100100000}
  serializedVersion: 4
  m_Component:
  - 4: {fileID: 400002}
  m_Layer: 0
  m_Name: LowerCinematicBorder
  m_TagString: Untagged
  m_Icon: {fileID: 0}
  m_NavMeshLayer: 0
  m_StaticEditorFlags: 0
  m_IsActive: 1
--- !u!1 &100006
GameObject:
  m_ObjectHideFlags: 1
  m_PrefabParentObject: {fileID: 0}
  m_PrefabInternal: {fileID: 100100000}
  serializedVersion: 4
  m_Component:
  - 4: {fileID: 400004}
  - 33: {fileID: 3300000}
  - 65: {fileID: 6500002}
  - 23: {fileID: 2300000}
  m_Layer: 0
  m_Name: Graphic
  m_TagString: Untagged
  m_Icon: {fileID: 0}
  m_NavMeshLayer: 0
  m_StaticEditorFlags: 0
  m_IsActive: 1
--- !u!1 &100008
GameObject:
  m_ObjectHideFlags: 1
  m_PrefabParentObject: {fileID: 0}
  m_PrefabInternal: {fileID: 100100000}
  serializedVersion: 4
  m_Component:
  - 4: {fileID: 400006}
  - 33: {fileID: 3300002}
  - 65: {fileID: 6500004}
  - 23: {fileID: 2300002}
  m_Layer: 0
  m_Name: Graphic
  m_TagString: Untagged
  m_Icon: {fileID: 0}
  m_NavMeshLayer: 0
  m_StaticEditorFlags: 0
  m_IsActive: 1
--- !u!1 &100010
GameObject:
  m_ObjectHideFlags: 1
  m_PrefabParentObject: {fileID: 0}
  m_PrefabInternal: {fileID: 100100000}
  serializedVersion: 4
  m_Component:
  - 4: {fileID: 400008}
  m_Layer: 0
  m_Name: LookTarget
  m_TagString: Enemy
  m_Icon: {fileID: 0}
  m_NavMeshLayer: 0
  m_StaticEditorFlags: 0
  m_IsActive: 1
--- !u!1 &100012
GameObject:
  m_ObjectHideFlags: 1
  m_PrefabParentObject: {fileID: 0}
  m_PrefabInternal: {fileID: 100100000}
  serializedVersion: 4
  m_Component:
  - 4: {fileID: 400010}
  - 33: {fileID: 3300004}
  - 136: {fileID: 13600000}
  - 23: {fileID: 2300004}
  m_Layer: 0
  m_Name: BodyGraphic
  m_TagString: Untagged
  m_Icon: {fileID: 0}
  m_NavMeshLayer: 0
  m_StaticEditorFlags: 0
  m_IsActive: 1
--- !u!1 &100014
GameObject:
  m_ObjectHideFlags: 0
  m_PrefabParentObject: {fileID: 0}
  m_PrefabInternal: {fileID: 100100000}
  serializedVersion: 4
  m_Component:
  - 4: {fileID: 400012}
  m_Layer: 0
  m_Name: Kid
  m_TagString: Untagged
  m_Icon: {fileID: 0}
  m_NavMeshLayer: 0
  m_StaticEditorFlags: 0
  m_IsActive: 1
--- !u!1 &100016
GameObject:
  m_ObjectHideFlags: 1
  m_PrefabParentObject: {fileID: 0}
  m_PrefabInternal: {fileID: 100100000}
  serializedVersion: 4
  m_Component:
  - 4: {fileID: 400014}
  - 33: {fileID: 3300006}
  - 23: {fileID: 2300006}
  m_Layer: 0
  m_Name: Graphic
  m_TagString: Untagged
  m_Icon: {fileID: 0}
  m_NavMeshLayer: 0
  m_StaticEditorFlags: 0
  m_IsActive: 1
--- !u!1 &100018
GameObject:
  m_ObjectHideFlags: 1
  m_PrefabParentObject: {fileID: 0}
  m_PrefabInternal: {fileID: 100100000}
  serializedVersion: 4
  m_Component:
  - 4: {fileID: 400016}
  - 114: {fileID: 11400010}
  m_Layer: 0
  m_Name: Head_Normal_00
  m_TagString: Untagged
  m_Icon: {fileID: 0}
  m_NavMeshLayer: 0
  m_StaticEditorFlags: 0
  m_IsActive: 1
--- !u!1 &100020
GameObject:
  m_ObjectHideFlags: 1
  m_PrefabParentObject: {fileID: 0}
  m_PrefabInternal: {fileID: 100100000}
  serializedVersion: 4
  m_Component:
  - 4: {fileID: 400018}
  m_Layer: 0
  m_Name: CinematicBorders
  m_TagString: Untagged
  m_Icon: {fileID: 0}
  m_NavMeshLayer: 0
  m_StaticEditorFlags: 0
  m_IsActive: 0
--- !u!1 &100296
GameObject:
  m_ObjectHideFlags: 1
  m_PrefabParentObject: {fileID: 0}
  m_PrefabInternal: {fileID: 100100000}
  serializedVersion: 4
  m_Component:
  - 4: {fileID: 400296}
  - 114: {fileID: 11400030}
  m_Layer: 8
  m_Name: Weapons
  m_TagString: Untagged
  m_Icon: {fileID: 0}
  m_NavMeshLayer: 0
  m_StaticEditorFlags: 0
  m_IsActive: 1
--- !u!1 &100298
GameObject:
  m_ObjectHideFlags: 1
  m_PrefabParentObject: {fileID: 0}
  m_PrefabInternal: {fileID: 100100000}
  serializedVersion: 4
  m_Component:
  - 4: {fileID: 400298}
  - 20: {fileID: 2000000}
  m_Layer: 0
  m_Name: Weapon Camera
  m_TagString: Untagged
  m_Icon: {fileID: 0}
  m_NavMeshLayer: 0
  m_StaticEditorFlags: 0
  m_IsActive: 1
--- !u!1 &100300
GameObject:
  m_ObjectHideFlags: 1
  m_PrefabParentObject: {fileID: 0}
  m_PrefabInternal: {fileID: 100100000}
  serializedVersion: 4
  m_Component:
  - 4: {fileID: 400300}
  - 20: {fileID: 2000002}
  - 81: {fileID: 8100000}
  - 114: {fileID: 11400038}
  - 114: {fileID: 11400036}
  - 92: {fileID: 9200000}
  - 114: {fileID: 11400034}
  - 114: {fileID: 11400032}
  m_Layer: 0
  m_Name: Main Camera
  m_TagString: MainCamera
  m_Icon: {fileID: 0}
  m_NavMeshLayer: 0
  m_StaticEditorFlags: 0
  m_IsActive: 1
--- !u!1 &100302
GameObject:
  m_ObjectHideFlags: 0
  m_PrefabParentObject: {fileID: 0}
  m_PrefabInternal: {fileID: 100100000}
  serializedVersion: 4
  m_Component:
  - 4: {fileID: 400302}
  - 65: {fileID: 6500000}
  - 114: {fileID: 11400004}
  - 114: {fileID: 11400002}
  - 114: {fileID: 11400000}
  m_Layer: 0
  m_Name: Target
  m_TagString: Player
  m_Icon: {fileID: 0}
  m_NavMeshLayer: 0
  m_StaticEditorFlags: 0
  m_IsActive: 1
--- !u!1 &100304
GameObject:
  m_ObjectHideFlags: 0
  m_PrefabParentObject: {fileID: 0}
  m_PrefabInternal: {fileID: 100100000}
  serializedVersion: 4
  m_Component:
  - 4: {fileID: 400304}
  m_Layer: 0
  m_Name: Upper Body
  m_TagString: Untagged
  m_Icon: {fileID: 0}
  m_NavMeshLayer: 0
  m_StaticEditorFlags: 0
  m_IsActive: 1
--- !u!1 &100306
GameObject:
  m_ObjectHideFlags: 0
  m_PrefabParentObject: {fileID: 0}
  m_PrefabInternal: {fileID: 100100000}
  serializedVersion: 4
  m_Component:
  - 4: {fileID: 400306}
  - 114: {fileID: 11400048}
  - 114: {fileID: 11400046}
  - 143: {fileID: 14300000}
  - 114: {fileID: 11400044}
  - 114: {fileID: 11400042}
  - 114: {fileID: 11400040}
  m_Layer: 10
  m_Name: Player
  m_TagString: Player
  m_Icon: {fileID: 0}
  m_NavMeshLayer: 0
  m_StaticEditorFlags: 0
  m_IsActive: 1
--- !u!4 &400000
Transform:
  m_ObjectHideFlags: 1
  m_PrefabParentObject: {fileID: 0}
  m_PrefabInternal: {fileID: 100100000}
  m_GameObject: {fileID: 100002}
  m_LocalRotation: {x: 0, y: 0, z: 0, w: 1}
  m_LocalPosition: {x: 0, y: -.360000134, z: -0}
  m_LocalScale: {x: 10, y: 10, z: 10}
  m_Children:
  - {fileID: 400004}
  m_Father: {fileID: 400018}
--- !u!4 &400002
Transform:
  m_ObjectHideFlags: 1
  m_PrefabParentObject: {fileID: 0}
  m_PrefabInternal: {fileID: 100100000}
  m_GameObject: {fileID: 100004}
  m_LocalRotation: {x: 0, y: 0, z: 0, w: 1}
  m_LocalPosition: {x: 0, y: .369999945, z: 0}
  m_LocalScale: {x: 10, y: 10, z: 10}
  m_Children:
  - {fileID: 400006}
  m_Father: {fileID: 400018}
--- !u!4 &400004
Transform:
  m_ObjectHideFlags: 1
  m_PrefabParentObject: {fileID: 0}
  m_PrefabInternal: {fileID: 100100000}
  m_GameObject: {fileID: 100006}
  m_LocalRotation: {x: .258819044, y: 0, z: 0, w: .965925813}
  m_LocalPosition: {x: -.00606508134, y: .131534964, z: .0828181356}
  m_LocalScale: {x: .200000003, y: .100000001, z: .100000001}
  m_Children: []
  m_Father: {fileID: 400000}
--- !u!4 &400006
Transform:
  m_ObjectHideFlags: 1
  m_PrefabParentObject: {fileID: 0}
  m_PrefabInternal: {fileID: 100100000}
  m_GameObject: {fileID: 100008}
  m_LocalRotation: {x: .258819044, y: 0, z: 0, w: .965925813}
  m_LocalPosition: {x: -.00606513862, y: -.130726397, z: .101057664}
  m_LocalScale: {x: .200000003, y: .100000001, z: .100000001}
  m_Children: []
  m_Father: {fileID: 400002}
--- !u!4 &400008
Transform:
  m_ObjectHideFlags: 1
  m_PrefabParentObject: {fileID: 0}
  m_PrefabInternal: {fileID: 100100000}
  m_GameObject: {fileID: 100010}
  m_LocalRotation: {x: -.5, y: .5, z: .5, w: .5}
  m_LocalPosition: {x: 0, y: 0, z: .962905407}
  m_LocalScale: {x: 18, y: 24, z: 24}
  m_Children: []
  m_Father: {fileID: 400016}
--- !u!4 &400010
Transform:
  m_ObjectHideFlags: 1
  m_PrefabParentObject: {fileID: 0}
  m_PrefabInternal: {fileID: 100100000}
  m_GameObject: {fileID: 100012}
  m_LocalRotation: {x: 0, y: 0, z: 0, w: 1}
  m_LocalPosition: {x: 0, y: .074160099, z: 0}
  m_LocalScale: {x: .180000007, y: .150000006, z: .119999997}
  m_Children: []
  m_Father: {fileID: 400012}
--- !u!4 &400012
Transform:
  m_ObjectHideFlags: 1
  m_PrefabParentObject: {fileID: 0}
  m_PrefabInternal: {fileID: 100100000}
  m_GameObject: {fileID: 100014}
  m_LocalRotation: {x: 0, y: .993727863, z: 0, w: -.111825988}
  m_LocalPosition: {x: -.0278776884, y: -.287489891, z: -.12229681}
  m_LocalScale: {x: 10, y: 10, z: 10}
  m_Children:
  - {fileID: 400010}
  - {fileID: 400016}
  m_Father: {fileID: 400306}
--- !u!4 &400014
Transform:
  m_ObjectHideFlags: 1
  m_PrefabParentObject: {fileID: 0}
  m_PrefabInternal: {fileID: 100100000}
  m_GameObject: {fileID: 100016}
  m_LocalRotation: {x: -.5, y: -.5, z: -.5, w: .5}
  m_LocalPosition: {x: 0, y: 0, z: 0}
  m_LocalScale: {x: 18, y: 24, z: 24}
  m_Children: []
  m_Father: {fileID: 400016}
--- !u!4 &400016
Transform:
  m_ObjectHideFlags: 1
  m_PrefabParentObject: {fileID: 0}
  m_PrefabInternal: {fileID: 100100000}
  m_GameObject: {fileID: 100018}
  m_LocalRotation: {x: 0, y: 1, z: 0, w: -4.37113883e-08}
  m_LocalPosition: {x: 5.99513383e-10, y: .295997262, z: -.00685763359}
  m_LocalScale: {x: .349999994, y: .349999994, z: .349999994}
  m_Children:
  - {fileID: 400014}
  - {fileID: 400008}
  m_Father: {fileID: 400012}
--- !u!4 &400018
Transform:
  m_ObjectHideFlags: 1
  m_PrefabParentObject: {fileID: 0}
  m_PrefabInternal: {fileID: 100100000}
  m_GameObject: {fileID: 100020}
  m_LocalRotation: {x: 0, y: 0, z: 0, w: 1}
  m_LocalPosition: {x: 0, y: 0, z: 0}
  m_LocalScale: {x: 1, y: 1, z: 1}
  m_Children:
  - {fileID: 400002}
  - {fileID: 400000}
  m_Father: {fileID: 400300}
--- !u!4 &400294
Transform:
  m_ObjectHideFlags: 1
  m_PrefabParentObject: {fileID: 0}
  m_PrefabInternal: {fileID: 100100000}
  m_GameObject: {fileID: 100000}
  m_LocalRotation: {x: 0, y: 0, z: 0, w: 1}
  m_LocalPosition: {x: 0, y: 0, z: 0}
  m_LocalScale: {x: 1.25, y: 1.25, z: 1.25}
  m_Children: []
  m_Father: {fileID: 400300}
--- !u!4 &400296
Transform:
  m_ObjectHideFlags: 1
  m_PrefabParentObject: {fileID: 0}
  m_PrefabInternal: {fileID: 100100000}
  m_GameObject: {fileID: 100296}
  m_LocalRotation: {x: 0, y: 0, z: 0, w: 1}
  m_LocalPosition: {x: 0, y: -.856921792, z: 0}
  m_LocalScale: {x: 1, y: 1, z: 1}
  m_Children: []
  m_Father: {fileID: 400300}
--- !u!4 &400298
Transform:
  m_ObjectHideFlags: 1
  m_PrefabParentObject: {fileID: 0}
  m_PrefabInternal: {fileID: 100100000}
  m_GameObject: {fileID: 100298}
  m_LocalRotation: {x: 0, y: 0, z: 0, w: 1}
  m_LocalPosition: {x: 0, y: 0, z: 0}
  m_LocalScale: {x: 1, y: 1, z: 1}
  m_Children: []
  m_Father: {fileID: 400300}
--- !u!4 &400300
Transform:
  m_ObjectHideFlags: 1
  m_PrefabParentObject: {fileID: 0}
  m_PrefabInternal: {fileID: 100100000}
  m_GameObject: {fileID: 100300}
  m_LocalRotation: {x: .246512517, y: 0, z: 0, w: .969139636}
  m_LocalPosition: {x: 0, y: 1.79999995, z: 0}
  m_LocalScale: {x: 1, y: 1, z: 1}
  m_Children:
  - {fileID: 400018}
  - {fileID: 400298}
  - {fileID: 400296}
  - {fileID: 400294}
  m_Father: {fileID: 400304}
--- !u!4 &400302
Transform:
  m_ObjectHideFlags: 1
  m_PrefabParentObject: {fileID: 0}
  m_PrefabInternal: {fileID: 100100000}
  m_GameObject: {fileID: 100302}
  m_LocalRotation: {x: 0, y: 0, z: 0, w: 1}
  m_LocalPosition: {x: 0, y: 2.04915094, z: 0}
  m_LocalScale: {x: 1, y: 1, z: 1}
  m_Children: []
  m_Father: {fileID: 400306}
--- !u!4 &400304
Transform:
  m_ObjectHideFlags: 1
  m_PrefabParentObject: {fileID: 0}
  m_PrefabInternal: {fileID: 100100000}
  m_GameObject: {fileID: 100304}
  m_LocalRotation: {x: 0, y: 0, z: 0, w: 1}
  m_LocalPosition: {x: 0, y: 0, z: 0}
  m_LocalScale: {x: 1, y: 1, z: 1}
  m_Children:
  - {fileID: 400300}
  m_Father: {fileID: 400306}
--- !u!4 &400306
Transform:
  m_ObjectHideFlags: 1
  m_PrefabParentObject: {fileID: 0}
  m_PrefabInternal: {fileID: 100100000}
  m_GameObject: {fileID: 100306}
  m_LocalRotation: {x: 0, y: 0, z: 0, w: 1}
  m_LocalPosition: {x: .609157622, y: -.0335098356, z: 2.20599174}
  m_LocalScale: {x: .100000001, y: .100000001, z: .100000001}
  m_Children:
  - {fileID: 400304}
  - {fileID: 400302}
  - {fileID: 400012}
  m_Father: {fileID: 0}
--- !u!20 &2000000
Camera:
  m_ObjectHideFlags: 1
  m_PrefabParentObject: {fileID: 0}
  m_PrefabInternal: {fileID: 100100000}
  m_GameObject: {fileID: 100298}
  m_Enabled: 1
  serializedVersion: 2
  m_ClearFlags: 3
  m_BackGroundColor: {r: .0550000072, g: .0550000072, b: .0550000072, a: 1}
  m_NormalizedViewPortRect:
    serializedVersion: 2
    x: 0
    y: 0
    width: 1
    height: 1
  near clip plane: .00999999978
  far clip plane: 1000
  field of view: 70
  orthographic: 0
  orthographic size: 100
  m_Depth: 10
  m_CullingMask:
    serializedVersion: 2
    m_Bits: 256
  m_RenderingPath: -1
  m_TargetTexture: {fileID: 0}
  m_HDR: 0
--- !u!20 &2000002
Camera:
  m_ObjectHideFlags: 1
  m_PrefabParentObject: {fileID: 0}
  m_PrefabInternal: {fileID: 100100000}
  m_GameObject: {fileID: 100300}
  m_Enabled: 1
  serializedVersion: 2
  m_ClearFlags: 1
  m_BackGroundColor: {r: .676314533, g: .731583297, b: .808763623, a: .0199999996}
  m_NormalizedViewPortRect:
    serializedVersion: 2
    x: 0
    y: 0
    width: 1
    height: 1
  near clip plane: .0299999993
  far clip plane: 50
  field of view: 50
  orthographic: 0
  orthographic size: 100
  m_Depth: 0
  m_CullingMask:
    serializedVersion: 2
    m_Bits: 4294966015
  m_RenderingPath: -1
  m_TargetTexture: {fileID: 0}
  m_HDR: 0
--- !u!23 &2300000
Renderer:
  m_ObjectHideFlags: 1
  m_PrefabParentObject: {fileID: 0}
  m_PrefabInternal: {fileID: 100100000}
  m_GameObject: {fileID: 100006}
  m_Enabled: 1
  m_CastShadows: 0
  m_ReceiveShadows: 0
  m_LightmapIndex: 255
  m_LightmapTilingOffset: {x: 1, y: 1, z: 0, w: 0}
  m_Materials:
  - {fileID: 2100000, guid: f266a556951932f458c5bf75af8b9603, type: 2}
  m_SubsetIndices: 
  m_StaticBatchRoot: {fileID: 0}
  m_UseLightProbes: 0
  m_LightProbeAnchor: {fileID: 0}
  m_ScaleInLightmap: 1
--- !u!23 &2300002
Renderer:
  m_ObjectHideFlags: 1
  m_PrefabParentObject: {fileID: 0}
  m_PrefabInternal: {fileID: 100100000}
  m_GameObject: {fileID: 100008}
  m_Enabled: 1
  m_CastShadows: 0
  m_ReceiveShadows: 0
  m_LightmapIndex: 255
  m_LightmapTilingOffset: {x: 1, y: 1, z: 0, w: 0}
  m_Materials:
  - {fileID: 2100000, guid: f266a556951932f458c5bf75af8b9603, type: 2}
  m_SubsetIndices: 
  m_StaticBatchRoot: {fileID: 0}
  m_UseLightProbes: 0
  m_LightProbeAnchor: {fileID: 0}
  m_ScaleInLightmap: 1
--- !u!23 &2300004
Renderer:
  m_ObjectHideFlags: 1
  m_PrefabParentObject: {fileID: 0}
  m_PrefabInternal: {fileID: 100100000}
  m_GameObject: {fileID: 100012}
  m_Enabled: 1
  m_CastShadows: 1
  m_ReceiveShadows: 1
  m_LightmapIndex: 255
  m_LightmapTilingOffset: {x: 1, y: 1, z: 0, w: 0}
  m_Materials:
  - {fileID: 2100000, guid: e6d5c08b2ff3d6340a64453dc43b8648, type: 2}
  m_SubsetIndices: 
  m_StaticBatchRoot: {fileID: 0}
  m_UseLightProbes: 0
  m_LightProbeAnchor: {fileID: 0}
  m_ScaleInLightmap: 1
--- !u!23 &2300006
Renderer:
  m_ObjectHideFlags: 1
  m_PrefabParentObject: {fileID: 0}
  m_PrefabInternal: {fileID: 100100000}
  m_GameObject: {fileID: 100016}
  m_Enabled: 1
  m_CastShadows: 1
  m_ReceiveShadows: 1
  m_LightmapIndex: 255
  m_LightmapTilingOffset: {x: 1, y: 1, z: 0, w: 0}
  m_Materials:
  - {fileID: 2100000, guid: 52c0df4479f968f4eab9f2f2dbd82a2d, type: 2}
  m_SubsetIndices: 
  m_StaticBatchRoot: {fileID: 0}
  m_UseLightProbes: 0
  m_LightProbeAnchor: {fileID: 0}
  m_ScaleInLightmap: 1
--- !u!33 &3300000
MeshFilter:
  m_ObjectHideFlags: 1
  m_PrefabParentObject: {fileID: 0}
  m_PrefabInternal: {fileID: 100100000}
  m_GameObject: {fileID: 100006}
  m_Mesh: {fileID: 10202, guid: 0000000000000000e000000000000000, type: 0}
--- !u!33 &3300002
MeshFilter:
  m_ObjectHideFlags: 1
  m_PrefabParentObject: {fileID: 0}
  m_PrefabInternal: {fileID: 100100000}
  m_GameObject: {fileID: 100008}
  m_Mesh: {fileID: 10202, guid: 0000000000000000e000000000000000, type: 0}
--- !u!33 &3300004
MeshFilter:
  m_ObjectHideFlags: 1
  m_PrefabParentObject: {fileID: 0}
  m_PrefabInternal: {fileID: 100100000}
  m_GameObject: {fileID: 100012}
  m_Mesh: {fileID: 10208, guid: 0000000000000000e000000000000000, type: 0}
--- !u!33 &3300006
MeshFilter:
  m_ObjectHideFlags: 1
  m_PrefabParentObject: {fileID: 0}
  m_PrefabInternal: {fileID: 100100000}
  m_GameObject: {fileID: 100016}
  m_Mesh: {fileID: 4300002, guid: 748246a16f6a13041afe69c5f997d3c3, type: 3}
--- !u!65 &6500000
BoxCollider:
  m_ObjectHideFlags: 1
  m_PrefabParentObject: {fileID: 0}
  m_PrefabInternal: {fileID: 100100000}
  m_GameObject: {fileID: 100302}
  m_Material: {fileID: 0}
  m_IsTrigger: 1
  m_Enabled: 1
  serializedVersion: 2
  m_Size: {x: 1, y: 1, z: 1}
  m_Center: {x: 0, y: 0, z: 0}
--- !u!65 &6500002
BoxCollider:
  m_ObjectHideFlags: 1
  m_PrefabParentObject: {fileID: 0}
  m_PrefabInternal: {fileID: 100100000}
  m_GameObject: {fileID: 100006}
  m_Material: {fileID: 0}
  m_IsTrigger: 0
  m_Enabled: 1
  serializedVersion: 2
  m_Size: {x: 1, y: 1, z: 1}
  m_Center: {x: 0, y: 0, z: 0}
--- !u!65 &6500004
BoxCollider:
  m_ObjectHideFlags: 1
  m_PrefabParentObject: {fileID: 0}
  m_PrefabInternal: {fileID: 100100000}
  m_GameObject: {fileID: 100008}
  m_Material: {fileID: 0}
  m_IsTrigger: 0
  m_Enabled: 1
  serializedVersion: 2
  m_Size: {x: 1, y: 1, z: 1}
  m_Center: {x: 0, y: 0, z: 0}
--- !u!81 &8100000
AudioListener:
  m_ObjectHideFlags: 1
  m_PrefabParentObject: {fileID: 0}
  m_PrefabInternal: {fileID: 100100000}
  m_GameObject: {fileID: 100300}
  m_Enabled: 0
--- !u!92 &9200000
Behaviour:
  m_ObjectHideFlags: 1
  m_PrefabParentObject: {fileID: 0}
  m_PrefabInternal: {fileID: 100100000}
  m_GameObject: {fileID: 100300}
  m_Enabled: 1
--- !u!114 &11400000
MonoBehaviour:
  m_ObjectHideFlags: 1
  m_PrefabParentObject: {fileID: 0}
  m_PrefabInternal: {fileID: 100100000}
  m_GameObject: {fileID: 100302}
  m_Enabled: 1
  m_EditorHideFlags: 0
  m_Script: {fileID: 169768932, guid: d5b7e7bc48f50bc49b16520df5c134e0, type: 3}
  m_Name: 
  m_EditorClassIdentifier: 
  rainVersionString: RAIN.Ontology.Decoration
  aspect:
    aspectName: meleetarget
    sensation:
      sensationName: touch
--- !u!114 &11400002
MonoBehaviour:
  m_ObjectHideFlags: 1
  m_PrefabParentObject: {fileID: 0}
  m_PrefabInternal: {fileID: 100100000}
  m_GameObject: {fileID: 100302}
  m_Enabled: 1
  m_EditorHideFlags: 0
  m_Script: {fileID: 169768932, guid: d5b7e7bc48f50bc49b16520df5c134e0, type: 3}
  m_Name: 
  m_EditorClassIdentifier: 
  rainVersionString: RAIN.Ontology.Decoration
  aspect:
    aspectName: player
    sensation:
      sensationName: sight
--- !u!114 &11400004
MonoBehaviour:
  m_ObjectHideFlags: 1
  m_PrefabParentObject: {fileID: 0}
  m_PrefabInternal: {fileID: 100100000}
  m_GameObject: {fileID: 100302}
  m_Enabled: 1
  m_EditorHideFlags: 0
  m_Script: {fileID: 369423152, guid: d5b7e7bc48f50bc49b16520df5c134e0, type: 3}
  m_Name: 
  m_EditorClassIdentifier: 
  rainVersionString: RAIN.Ontology.Entity
--- !u!114 &11400006
MonoBehaviour:
  m_ObjectHideFlags: 1
  m_PrefabParentObject: {fileID: 0}
  m_PrefabInternal: {fileID: 100100000}
  m_GameObject: {fileID: 100000}
  m_Enabled: 0
  m_EditorHideFlags: 0
  m_Script: {fileID: 1348884034, guid: bc76cc0c25d9143f9a3f919db1a9dd44, type: 3}
  m_Name: 
  m_EditorClassIdentifier: 
  crosshair: {fileID: 11400008}
--- !u!114 &11400008
MonoBehaviour:
  m_ObjectHideFlags: 1
  m_PrefabParentObject: {fileID: 0}
  m_PrefabInternal: {fileID: 100100000}
  m_GameObject: {fileID: 100000}
  m_Enabled: 0
  m_EditorHideFlags: 0
  m_Script: {fileID: 1228999585, guid: bc76cc0c25d9143f9a3f919db1a9dd44, type: 3}
  m_Name: 
  m_EditorClassIdentifier: 
  _camera: {fileID: 400300}
  defaultColor: {r: 1, g: 1, b: 1, a: 1}
  enemyColor: {r: 1, g: 0, b: 0, a: 1}
  friendlyColor: {r: 0, g: 1, b: 0, a: 1}
  borderColor: {r: 0, g: 0, b: 0, a: 1}
  tagForEnemy: Enemy
  tagForFriend: Friend
  targetScanDist: 50
  changeColor: 0
  width: 20
  height: .100000001
  border: 1
  borderWidth: 1
  offset: 4
  centerPoint: 0
  centerWidth: 2
  showCrosshair: 0
  fadeOutOnScope: 0
  globalRotation: 45
  alpha: .5
  doAnimate: 0
  spreadAmount: 5
  spreadSpeed: 20
  shootAmount: 5
  shootSpeed: 200
  fadeSpeed: 25
  secondaryCrosshair: {fileID: 0}
  syncSecondary: 1
  fade: 0
  shoot: 0
  spread: 0
--- !u!114 &11400010
MonoBehaviour:
  m_ObjectHideFlags: 1
  m_PrefabParentObject: {fileID: 0}
  m_PrefabInternal: {fileID: 100100000}
  m_GameObject: {fileID: 100018}
  m_Enabled: 1
  m_EditorHideFlags: 0
  m_Script: {fileID: 11500000, guid: 0a92150cdd819804e86069eb5e4c49cf, type: 3}
  m_Name: 
  m_EditorClassIdentifier: 
  LookTarget: {fileID: 400008}
  HeadGraphic: {fileID: 100016}
  LookHeight: .200000003
  FOV: 60
--- !u!114 &11400030
MonoBehaviour:
  m_ObjectHideFlags: 1
  m_PrefabParentObject: {fileID: 0}
  m_PrefabInternal: {fileID: 100100000}
  m_GameObject: {fileID: 100296}
  m_Enabled: 1
  m_EditorHideFlags: 0
  m_Script: {fileID: -171798174, guid: bc76cc0c25d9143f9a3f919db1a9dd44, type: 3}
  m_Name: 
  m_EditorClassIdentifier: 
  weaponKey1: 49
  weaponKey2: 50
  weaponKey3: 51
  weaponKey4: 52
  weaponToggle: 113
  reloadKey: 114
  defendKey: 120
  addWeaponsToInventory: 0
  weaponActors:
  - {fileID: 0}
  - {fileID: 0}
  shouldersOffset: {x: .319999993, y: -.289999992, z: .270000011}
  defaultCrosshair: {fileID: 11400008}
  crosshairAnimator: {fileID: 11400032}
--- !u!114 &11400032
MonoBehaviour:
  m_ObjectHideFlags: 1
  m_PrefabParentObject: {fileID: 0}
  m_PrefabInternal: {fileID: 100100000}
  m_GameObject: {fileID: 100300}
  m_Enabled: 1
  m_EditorHideFlags: 0
  m_Script: {fileID: 1348884034, guid: bc76cc0c25d9143f9a3f919db1a9dd44, type: 3}
  m_Name: 
  m_EditorClassIdentifier: 
  crosshair: {fileID: 11400034}
--- !u!114 &11400034
MonoBehaviour:
  m_ObjectHideFlags: 1
  m_PrefabParentObject: {fileID: 0}
  m_PrefabInternal: {fileID: 100100000}
  m_GameObject: {fileID: 100300}
  m_Enabled: 1
  m_EditorHideFlags: 0
  m_Script: {fileID: 1228999585, guid: bc76cc0c25d9143f9a3f919db1a9dd44, type: 3}
  m_Name: 
  m_EditorClassIdentifier: 
  _camera: {fileID: 400300}
  defaultColor: {r: 1, g: 1, b: 1, a: 1}
  enemyColor: {r: 1, g: 0, b: 0, a: 1}
  friendlyColor: {r: 0, g: 1, b: 0, a: 1}
  borderColor: {r: 0, g: 0, b: 0, a: 1}
  tagForEnemy: Enemy
  tagForFriend: Friend
  targetScanDist: 50
  changeColor: 1
  width: 1
  height: 1
  border: 1
  borderWidth: 1
  offset: 3
  centerPoint: 1
  centerWidth: 2
  showCrosshair: 0
  fadeOutOnScope: 0
  globalRotation: 0
  alpha: 1
  doAnimate: 1
  spreadAmount: 5
  spreadSpeed: 20
  shootAmount: 5
  shootSpeed: 200
  fadeSpeed: 25
  secondaryCrosshair: {fileID: 0}
  syncSecondary: 1
  fade: 0
  shoot: 0
  spread: 0
--- !u!114 &11400036
MonoBehaviour:
  m_ObjectHideFlags: 1
  m_PrefabParentObject: {fileID: 0}
  m_PrefabInternal: {fileID: 100100000}
  m_GameObject: {fileID: 100300}
  m_Enabled: 1
  m_EditorHideFlags: 0
  m_Script: {fileID: -1677577522, guid: bc76cc0c25d9143f9a3f919db1a9dd44, type: 3}
  m_Name: 
  m_EditorClassIdentifier: 
  interactionKey: 101
  allowInteracting: 1
  interactionMaxRange: 2
--- !u!114 &11400038
MonoBehaviour:
  m_ObjectHideFlags: 1
  m_PrefabParentObject: {fileID: 0}
  m_PrefabInternal: {fileID: 100100000}
  m_GameObject: {fileID: 100300}
  m_Enabled: 0
  m_EditorHideFlags: 0
  m_Script: {fileID: -765792495, guid: bc76cc0c25d9143f9a3f919db1a9dd44, type: 3}
  m_Name: 
  m_EditorClassIdentifier: 
  mouseSensitivity: {x: 3, y: 3}
  invertedY: 0
  pitchConstraints: {x: -65, y: 90}
  headPosition: {x: 0, y: 1, z: 0}
  weaponCamera: {fileID: 2000000}
  weaponCameraZOffset: 0
  weaponCameraCullingMask:
    serializedVersion: 2
    m_Bits: 256
  weaponCameraDepth: 1
  weaponCameraFOV: 35
  weaponCameraNearClip: .100000001
  weaponCameraFarClip: 10
  weaponHolder: {fileID: 400296}
  trackSpeed: 25
  scopeSpeed: 11
  bobOffset: {x: 0, y: .150000006, z: 0}
  bobAmplitude: {x: 0, y: 1, z: 0}
  noise: 1
  noiseAmount: {x: .0599999987, y: .0399999991, z: .00999999978}
  noiseUpdateInterval: .839999974
  applyChanges: 0
--- !u!114 &11400040
MonoBehaviour:
  m_ObjectHideFlags: 1
  m_PrefabParentObject: {fileID: 0}
  m_PrefabInternal: {fileID: 100100000}
  m_GameObject: {fileID: 100306}
  m_Enabled: 0
  m_EditorHideFlags: 0
  m_Script: {fileID: 1975918722, guid: bc76cc0c25d9143f9a3f919db1a9dd44, type: 3}
  m_Name: 
  m_EditorClassIdentifier: 
  max: 100
  current: 100
  initial: 100
  min: 0
  healingSpeed: 3
  autoHeal: 0
  initialized: 0
--- !u!114 &11400042
MonoBehaviour:
  m_ObjectHideFlags: 1
  m_PrefabParentObject: {fileID: 0}
  m_PrefabInternal: {fileID: 100100000}
  m_GameObject: {fileID: 100306}
  m_Enabled: 0
  m_EditorHideFlags: 0
  m_Script: {fileID: 11500000, guid: c5e0535acf10e5846bad8a26d5b3375f, type: 3}
  m_Name: 
  m_EditorClassIdentifier: 
  _loadLevel: 1
  _takeCollideDamage: 1
  _collideThreshhold: 7
  _maxHealth: 100
  _defaultDamage: 1
  _deathMusic: PlayerDeath
  _playerStateText: {fileID: 0}
  _dataController: {fileID: 11400040}
--- !u!114 &11400044
MonoBehaviour:
  m_ObjectHideFlags: 1
  m_PrefabParentObject: {fileID: 0}
  m_PrefabInternal: {fileID: 100100000}
  m_GameObject: {fileID: 100306}
  m_Enabled: 1
  m_EditorHideFlags: 0
  m_Script: {fileID: -1815056448, guid: bc76cc0c25d9143f9a3f919db1a9dd44, type: 3}
  m_Name: 
  m_EditorClassIdentifier: 
  stepsPerSecondWalking: .5
  stepsPerSecondRunning: .25
  stepsPerSecondCrouching: .75
  stepsPerSecondBackwards: .699999988
--- !u!114 &11400046
MonoBehaviour:
  m_ObjectHideFlags: 1
  m_PrefabParentObject: {fileID: 0}
  m_PrefabInternal: {fileID: 100100000}
  m_GameObject: {fileID: 100306}
  m_Enabled: 1
  m_EditorHideFlags: 0
  m_Script: {fileID: 121224304, guid: bc76cc0c25d9143f9a3f919db1a9dd44, type: 3}
  m_Name: 
  m_EditorClassIdentifier: 
  runKeyLeft: 304
  runKeyRight: 303
  crouchKeyLeft: 306
  crouchKeyRight: 305
  jumpKey: 32
  height: 2
  crouchHeight: 1.10000002
  crouchSpeedModifier: .649999976
  jumpForce: .100000001
  gravity: 2
  liveEditing: 0
  crosshairAnimator: {fileID: 11400032}
--- !u!114 &11400048
MonoBehaviour:
  m_ObjectHideFlags: 1
  m_PrefabParentObject: {fileID: 0}
  m_PrefabInternal: {fileID: 100100000}
  m_GameObject: {fileID: 100306}
  m_Enabled: 1
  m_EditorHideFlags: 0
  m_Script: {fileID: 1875604271, guid: bc76cc0c25d9143f9a3f919db1a9dd44, type: 3}
  m_Name: 
  m_EditorClassIdentifier: 
  playerCamera: {fileID: 11400038}
  interactionManager: {fileID: 11400036}
  movementController: {fileID: 11400046}
  weaponManager: {fileID: 11400030}
  idleState:
    name: Idle
    fallThroughState: 0
    forwardSpeed: 0
    reverseSpeed: 0
    strafeSpeed: 0
    canJump: 1
    canCrouch: 1
    canMove: 1
    canInteract: 1
    canUseWeapon: 1
  walkState:
    name: Walk
    fallThroughState: 0
    forwardSpeed: .150000006
    reverseSpeed: .150000006
    strafeSpeed: .200000003
    canJump: 1
    canCrouch: 1
    canMove: 1
    canInteract: 1
    canUseWeapon: 1
  runState:
    name: Run
    fallThroughState: 0
    forwardSpeed: .5
    reverseSpeed: .5
    strafeSpeed: .75
    canJump: 1
    canCrouch: 0
    canMove: 1
    canInteract: 0
    canUseWeapon: 0
  jumpState:
    name: Jump
    fallThroughState: 1
    forwardSpeed: 0
    reverseSpeed: 0
    strafeSpeed: 0
    canJump: 0
    canCrouch: 0
    canMove: 1
    canInteract: 0
    canUseWeapon: 1
--- !u!136 &13600000
CapsuleCollider:
  m_ObjectHideFlags: 1
  m_PrefabParentObject: {fileID: 0}
  m_PrefabInternal: {fileID: 100100000}
  m_GameObject: {fileID: 100012}
  m_Material: {fileID: 0}
  m_IsTrigger: 0
  m_Enabled: 1
  m_Radius: .5
  m_Height: 2
  m_Direction: 1
  m_Center: {x: 0, y: 0, z: 0}
--- !u!143 &14300000
CharacterController:
  m_ObjectHideFlags: 1
  m_PrefabParentObject: {fileID: 0}
  m_PrefabInternal: {fileID: 100100000}
  m_GameObject: {fileID: 100306}
  serializedVersion: 2
  m_Height: 2
  m_Radius: .419999987
  m_SlopeLimit: 45
  m_StepOffset: .300000012
  m_SkinWidth: .0799999982
  m_MinMoveDistance: 0
  m_Center: {x: 0, y: 1, z: 0}
--- !u!1001 &100100000
Prefab:
  m_ObjectHideFlags: 1
  serializedVersion: 2
  m_Modification:
    m_TransformParent: {fileID: 0}
    m_Modifications: []
    m_RemovedComponents: []
  m_ParentPrefab: {fileID: 0}
  m_RootGameObject: {fileID: 100306}
  m_IsPrefabParent: 1
  m_IsExploded: 1
